% This file was created with JabRef 2.11.
% Encoding: Cp1252


@Misc{acuha2016a,
  Title                    = {{Transformation parameters ITRF2005 to SIRGAS95}},
  Author                   = {G Acuha},
  HowPublished             = {personal communication},
  Note                     = {Laboratorio de Geodesia Fisica y Satelital at Zulia University (LGFS-LUZ)}
}

@Article{caissy2012a,
  Title                    = {{Coming Soon: The International GNSS Real-Time Service}},
  Author                   = {M Caissy and  L Agrotis and G Weber and M Hernandez-Pajares and U. Hugentobler},
  Journal                  = {GPS World},
  Year                     = {2012},
  Number                   = {6},
  Pages                    = {52-58},
  Volume                   = {23}
}

@Article{dawson2010a,
  Title                    = {{ITRF to GDA94 coordinate transformations}},
  Author                   = {J Dawson and A. Woods},
  Journal                  = {Journal of Applied Geodesy},
  Year                     = {2010},
  Pages                    = {189-199},
  Volume                   = {4},
  Doi                      = {10.1515/JAG.2010.019}
}

@Article{estey1999a,
  Title                    = {{TEQC: The Multi-Purpose Toolkit for GPS/GLONASS Data.}},
  Author                   = {L H Estey and C M Meertens},
  Journal                  = {GPS Solutions},
  Year                     = {1999},
  Number                   = {1},
  Pages                    = {42-49},
  Volume                   = {3},
  Doi                      = {10.1007/PL00012778}
}

@Misc{franke2008a,
  Title                    = {{Referenzkoordinaten f{\"u}r SAPOS, Empfehlungen der Projektgruppe SAPOS-Koordinatenmonitoring 2008}},
  Author                   = {P Franke},
  HowPublished             = {personal communication},
  Year                     = {2008}
}

@Article{huisman2012a,
  Title                    = {{GNSS Precise Point Positioning in Regional Reference Frames Using Real-time Broadcast Corrections}},
  Author                   = {L Huisman and P Teunissen and C Hu},
  Journal                  = {Journal of Applied Geodesy},
  Year                     = {2012},
  Number                   = {1},
  Pages                    = {15-23},
  Volume                   = {6},
  Doi                      = {10.1515/jag-2011-0006}
}

@Misc{ibge_dgc2016a,
  Title                    = {{Transformation ITRF2008 to SIRGAS2000}},
  Author                   = {{IBGE/DGC, Diretoria de Geociencias Brazil, CGED-Coordenacao de Geodesia}},
  HowPublished             = {personal communication from CGED-Coordenacao de Geodesia},
  Year                     = {2016}
}

@InProceedings{mervart2008a,
  Title                    = {{Precise Point Positioning With Ambiguity Resolution in Real-Time}},
  Author                   = {L Mervart and Z Lukes and C Rocken and T Iwabuchi},
  Booktitle                = {Proceedings of the 21st International Technical Meeting of the Satellite Division of The Institute of Navigation (ION GNSS 2008), September 16-19, 2008, Savannah International Convention Center, Savannah, GA, USA},
  Year                     = {2008},
  Pages                    = {397-405}
}

@InProceedings{mervart2011a,
  Title                    = {{Real-time Combination of GNSS Orbit and Clock Correction Streams Using a Kalman Filter Approach}},
  Author                   = {L Mervart and G Weber},
  Booktitle                = {Proceedings of the 24th International Technical Meeting of The Satellite Division of the Institute of Navigation (ION GNSS 2011), September 20 - 23, 2011, Oregon Convention Center, Portland, Oregon, Portland, OR , USA},
  Year                     = {2011}
}

@Article{pearson2013a,
  Title                    = {{Introducing HTDP 3.1 to transform coordinates across time and spatial reference frames}},
  Author                   = {C Pearson and R Snay},
  Journal                  = {GPS Solutions},
  Year                     = {2013},
  Number                   = {1},
  Pages                    = {1-15},
  Volume                   = {17}
}

@Misc{rtcm-sc104_2011a,
  Title                    = {{Amendment 1 to RTCM Standard 10410.1 Networked Transport of RTCM via Internet Protocol (Ntrip) - Version 2.0}},
  Author                   = {{RTCM-SC104}},
  HowPublished             = {RTCM Papter 139-2011-SC104-STD},
  Year                     = {2011},
  Doi                      = {10.1007/s10291-012-0255-y}
}

@Misc{rupprecht2000a,
  Title                    = {{DGPS-IP}},
  Author                   = {W Rupprecht},
  Year                     = {2000},
  Url                      = {http://www.wsrcc.com/wolfgang/gps/dgps-ip.html}
}

@Misc{sirgas2009a,
  Title                    = {{Terrestrial Reference Frames}},
  Author                   = {Sirgas},
  Year                     = {2009},
  Url                      = {http://tai.bipm.org/iers/convupdt/convupdt_c4.html}
}

@Misc{weber2004a,
  Title                    = {{The future is talking Ntrip}},
  Author                   = {G Weber and M Honkala},
  HowPublished             = {Newsletter, Trimble GmbH Raunheim, Germany},
  Year                     = {2004}
}

@InProceedings{weber2005a,
  Title                    = {{Networked Transport of RTCM via Internet Protocol (NTRIP)}},
  Author                   = {G Weber and D Dettmering and H Gebhard},
  Booktitle                = {{A Window on the Future, Proceedings of the IAG General Assembly, Sapporo, Japan, 2003}},
  Year                     = {2005},
  Editor                   = {F Sanso},
  Pages                    = {60-64},
  Publisher                = {Springer},
  Volume                   = {128}
}

@InProceedings{weber2005b,
  Title                    = {{Networked Transport of RTCM via Internet Protocol (Ntrip) ... IP-Streaming for Real-Time GNSS Applications}},
  Author                   = {G Weber and D Dettmering and H Gebhard and R Kalafus},
  Booktitle                = {Proceedings of the 18th International Technical Meeting of the Satellite Division of The Institute of Navigation (ION GNSS 2005), September 13 - 16, 2005, Long Beach Convention Center, Long Beach, CA, USA},
  Year                     = {2005}
}

@InProceedings{weber2007a,
  Title                    = {{Real-time Clock and Orbit Corrections for Improved Point Positioning via NTRIP}},
  Author                   = {G Weber and L Mervart and Z Lukes and C Rocken and J Dousa},
  Booktitle                = {Proceedings of the 20th International Technical Meeting of the Satellite Division of The Institute of Navigation (ION GNSS 2007), September 25 - 28, 2007, Fort Worth Convention Center, Fort Worth, TX, USA},
  Year                     = {2007}
}

@InProceedings{weber2009a,
  Title                    = {{The BKG Ntrip Client (BNC)}},
  Author                   = {G Weber and L Mervart},
  Booktitle                = {Report on EUREF Symposium 2007 in London},
  Year                     = {2009},
  Address                  = {Frankfurt am Main},
  Series                   = {Mitteilungen des Bundesamtes fuer Kartographie und Geodaesie},
  Volume                   = {42}
}

